@article{richardson2015unified,
  title={A unified deep neural network for speaker and language recognition},
  author={Richardson, Fred and Reynolds, Douglas and Dehak, Najim},
  journal={arXiv preprint arXiv:1504.00923},
  year={2015}
}

@inproceedings{zhang2014extracting,
  title={Extracting deep neural network bottleneck features using low-rank matrix factorization.},
  author={Zhang, Yu and Chuangsuwanich, Ekapol and Glass, James R},
  booktitle={ICASSP},
  pages={185--189},
  year={2014}
}

@inproceedings{plchot2016bat,
  title={Bat system description for nist lre 2015},
  author={Plchot, Oldrich and Matejka, Pavel and F{\'e}r, Radek and Glembek, Ondrej and Novotn{\`y}, Ondrej and Pe{\v{s}}{\'a}n, Jan and Vesel{\`y}, Karel and Ondel, Lucas and Karafi{\'a}t, Martin and Gr{\'e}zl, Franti{\v{s}}ek and others},
  booktitle={Proc. Odyssey},
  year={2016}
}

@article{richardson2015deep,
  title={Deep neural network approaches to speaker and language recognition},
  author={Richardson, Fred and Reynolds, Douglas and Dehak, Najim},
  journal={IEEE Signal Processing Letters},
  volume={22},
  number={10},
  pages={1671--1675},
  year={2015},
  publisher={IEEE}
}

@article{sizovdiscriminating,
  title={Discriminating Languages in a Probabilistic Latent Subspace},
  author={Sizov, Aleksandr and Lee, Kong Aik and Kinnunen, Tomi}
}

@article{zazo2016evaluation,
  title={Evaluation of an LSTM-RNN System in Different NIST Language Recognition Frameworks},
  author={Zazo, Ruben and Lozano-Diez, Alicia and Gonzalez-Rodriguez, Joaquin},
  journal={Odyssey 2016},
  pages={231--236},
  year={2016}
}

@article{gonzalez2015frame,
  title={Frame-by-frame language identification in short utterances using deep neural networks},
  author={Gonzalez-Dominguez, Javier and Lopez-Moreno, Ignacio and Moreno, Pedro J and Gonzalez-Rodriguez, Joaquin},
  journal={Neural Networks},
  volume={64},
  pages={49--58},
  year={2015},
  publisher={Elsevier}
}

@article{ILSVRC15,
	Author = {Olga Russakovsky and Jia Deng and Hao Su and Jonathan Krause and Sanjeev Satheesh and Sean Ma and Zhiheng Huang and Andrej Karpathy and Aditya Khosla and Michael Bernstein and Alexander C. Berg and Li Fei-Fei},
	Title = {{ImageNet Large Scale Visual Recognition Challenge}},
	Year = {2015},
	journal   = {International Journal of Computer Vision (IJCV)},
	doi = {10.1007/s11263-015-0816-y},
	volume={115},
	number={3},
	pages={211-252}
}

@article{garofolo1993darpa,
  title={DARPA TIMIT acoustic-phonetic continous speech corpus CD-ROM. NIST speech disc 1-1.1},
  author={Garofolo, John S and Lamel, Lori F and Fisher, William M and Fiscus, Jonathon G and Pallett, David S},
  journal={NASA STI/Recon technical report n},
  volume={93},
  year={1993}
}

@inproceedings{montavon2009deep,
  title={Deep learning for spoken language identification},
  author={Montavon, Gregoire},
  booktitle={NIPS Workshop on deep learning for speech recognition and related applications},
  pages={1--4},
  year={2009}
}

@article{abadi2016tensorflow,
  title={Tensorflow: Large-scale machine learning on heterogeneous distributed systems},
  author={Abadi, Mart{\'\i}n and Agarwal, Ashish and Barham, Paul and Brevdo, Eugene and Chen, Zhifeng and Citro, Craig and Corrado, Greg S and Davis, Andy and Dean, Jeffrey and Devin, Matthieu and others},
  journal={arXiv preprint arXiv:1603.04467},
  year={2016}
}

@misc{chollet2015keras,
  title={Keras},
  author={Chollet, Fran\c{c}ois},
  year={2015},
  publisher={GitHub},
  howpublished={\url{https://github.com/fchollet/keras}},
}

@article{kingma2014adam,
  title={Adam: A method for stochastic optimization},
  author={Kingma, Diederik and Ba, Jimmy},
  journal={arXiv preprint arXiv:1412.6980},
  year={2014}
}

@inproceedings{glorot2010understanding,
  title={Understanding the difficulty of training deep feedforward neural networks.},
  author={Glorot, Xavier and Bengio, Yoshua},
  booktitle={Aistats},
  volume={9},
  pages={249--256},
  year={2010}
  
@inproceedings{Chatfield14,
  author={Chatfield, K. and Simonyan, K. and Vedaldi, A. and Zisserman, A."Â´},
  title={Return of the Devil in the Details: Delving Deep into Convolutional Nets},
  booktitle={British Machine Vision Conference},
  year= {2014},
}

@article{mishkin2016systematic,
  title={Systematic evaluation of CNN advances on the ImageNet},
  author={Mishkin, Dmytro and Sergievskiy, Nikolay and Matas, Jiri},
  journal={arXiv preprint arXiv:1606.02228},
  year={2016}
}

@article{clevert2015fast,
  title={Fast and accurate deep network learning by exponential linear units (elus)},
  author={Clevert, Djork-Arn{\'e} and Unterthiner, Thomas and Hochreiter, Sepp},
  journal={arXiv preprint arXiv:1511.07289},
  year={2015}
}

@article{shi2016end,
  title={An end-to-end trainable neural network for image-based sequence recognition and its application to scene text recognition},
  author={Shi, Baoguang and Bai, Xiang and Yao, Cong},
  journal={IEEE Transactions on Pattern Analysis and Machine Intelligence},
  year={2016},
  publisher={IEEE}
}

@article{scikit-learn,
 title={Scikit-learn: Machine Learning in {P}ython},
 author={Pedregosa, F. and Varoquaux, G. and Gramfort, A. and Michel, V.
         and Thirion, B. and Grisel, O. and Blondel, M. and Prettenhofer, P.
         and Weiss, R. and Dubourg, V. and Vanderplas, J. and Passos, A. and
         Cournapeau, D. and Brucher, M. and Perrot, M. and Duchesnay, E.},
 journal={Journal of Machine Learning Research},
 volume={12},
 pages={2825--2830},
 year={2011}
}

@inproceedings{szegedy2016rethinking,
  title={Rethinking the inception architecture for computer vision},
  author={Szegedy, Christian and Vanhoucke, Vincent and Ioffe, Sergey and Shlens, Jon and Wojna, Zbigniew},
  booktitle={Proceedings of the IEEE Conference on Computer Vision and Pattern Recognition},
  pages={2818--2826},
  year={2016}
}

@inproceedings{szegedy2015going,
  title={Going deeper with convolutions},
  author={Szegedy, Christian and Liu, Wei and Jia, Yangqing and Sermanet, Pierre and Reed, Scott and Anguelov, Dragomir and Erhan, Dumitru and Vanhoucke, Vincent and Rabinovich, Andrew},
  booktitle={Proceedings of the IEEE Conference on Computer Vision and Pattern Recognition},
  pages={1--9},
  year={2015}
}

@article{szegedy2016inception,
  title={Inception-v4, inception-resnet and the impact of residual connections on learning},
  author={Szegedy, Christian and Ioffe, Sergey and Vanhoucke, Vincent and Alemi, Alex},
  journal={arXiv preprint arXiv:1602.07261},
  year={2016}
}

@misc{werkmeister2016practical,
  title={Practical Applications of Multimedia Retrieval: Language Identification in Audio Files},
  author={Werkmeister, Thomas and Herold, Tom},
  year={2016},
  publisher={GitHub},
  howpublished={\url{https://github.com/twerkmeister/iLID/blob/master/Deep%20Audio%20Paper%20Thomas%20Werkmeister%2C%20Tom%20Herold.pdf}},
}

@article{maaten2008visualizing,
  title={Visualizing data using t-SNE},
  author={Maaten, Laurens van der and Hinton, Geoffrey},
  journal={Journal of Machine Learning Research},
  volume={9},
  number={Nov},
  pages={2579--2605},
  year={2008}
}


@article{geman1992neural,
  title={Neural networks and the bias/variance dilemma},
  author={Geman, Stuart and Bienenstock, Elie and Doursat, Ren{\'e}},
  journal={Neural computation},
  volume={4},
  number={1},
  pages={1--58},
  year={1992},
  publisher={MIT Press}
}

@article{ioffe2015batch,
  title={Batch normalization: Accelerating deep network training by reducing internal covariate shift},
  author={Ioffe, Sergey and Szegedy, Christian},
  journal={arXiv preprint arXiv:1502.03167},
  year={2015}
}

@article{simonyan2014very,
  title={Very deep convolutional networks for large-scale image recognition},
  author={Simonyan, Karen and Zisserman, Andrew},
  journal={arXiv preprint arXiv:1409.1556},
  year={2014}
}

@book{Goodfellow-et-al-2016,
    title={Deep Learning},
    author={Ian Goodfellow and Yoshua Bengio and Aaron Courville},
    publisher={MIT Press},
    note={\url{http://www.deeplearningbook.org}},
    year={2016}
}

@misc{Kantilaftis2016,
  title={How To Read The News Like A Professional News Anchor},
  author={Kantilaftis, Helen},
  year={2016},
  publisher={New York Film Academy},
  howpublished={\url{https://www.nyfa.edu/student-resources/how-to-read-the-news-like-a-professional-news-anchor/}}
}

@article{blackman1958measurement,
  title={The measurement of power spectra from the point of view of communications engineering - Part 1},
  author={Blackman, Ralph Beebe and Tukey, John Wilder},
  journal={Bell Labs Technical Journal},
  volume={37},
  number={1},
  pages={185--282},
  year={1958},
  publisher={Wiley Online Library}
}

@article{traunmuller1993frequency,
  title={The frequency range of the voice fundamental in the speech of male and female adults},
  author={Traunm{\"u}ller, Hartmut and Eriksson, Anders},
  year={1993}
}

@article{shi2016end,
  title={An end-to-end trainable neural network for image-based sequence recognition and its application to scene text recognition},
  author={Shi, Baoguang and Bai, Xiang and Yao, Cong},
  journal={IEEE Transactions on Pattern Analysis and Machine Intelligence},
  year={2016},
  publisher={IEEE}
}

@misc{scipy,
  author = {Eric Jones and Travis Oliphant and Pearu Peterson and others},
  title = {{SciPy}: Open source scientific tools for {Python}},
  year = {2001},
  howpublished={\url{http://www.scipy.org/}},
}

@misc{lre2015,
  title = {The 2015 NIST Language Recognition Evaluation Plan (LRE15)},
  year = {2015},
  howpublished={\url{{https://www.nist.gov/sites/default/files/documents/2016/10/06/lre15_evalplan_v23.pdf}},
}

@misc{chol16,
  title = {How convolutional neural networks see the wolrd},
  year = {2016},
  auhtor = {Francois Chollet},
  howpublished={\url{{https://blog.keras.io/how-convolutional-neural-networks-see-the-world.html}},
}

@article{muthusamy1994reviewing,
  title={Reviewing automatic language identification},
  author={Muthusamy, Yeshwant K and Barnard, Etienne and Cole, Ronald A},
  journal={IEEE Signal Processing Magazine},
  volume={11},
  number={4},
  pages={33--41},
  year={1994},
  publisher={IEEE}
}

@inproceedings{graves2006connectionist,
  title={Connectionist temporal classification: labelling unsegmented sequence data with recurrent neural networks},
  author={Graves, Alex and Fern{\'a}ndez, Santiago and Gomez, Faustino and Schmidhuber, J{\"u}rgen},
  booktitle={Proceedings of the 23rd international conference on Machine learning},
  pages={369--376},
  year={2006},
  organization={ACM}
}

@techreport{song2015end,
  title={End-to-end deep neural network for automatic speech recognition},
  author={Song, William and Cai, Jim},
  year={2015},
  institution={Technical Report CS224D, University of Stanford}
}

@article{tieleman2012lecture,
  title={Lecture 6.5-rmsprop: Divide the gradient by a running average of its recent magnitude},
  author={Tieleman, Tijmen and Hinton, Geoffrey},
  journal={COURSERA: Neural networks for machine learning},
  volume={4},
  number={2},
  year={2012}
}

@inproceedings{he2016deep,
  title={Deep residual learning for image recognition},
  author={He, Kaiming and Zhang, Xiangyu and Ren, Shaoqing and Sun, Jian},
  booktitle={Proceedings of the IEEE Conference on Computer Vision and Pattern Recognition},
  pages={770--778},
  year={2016}
}

@article{rusu2016progressive,
  title={Progressive neural networks},
  author={Rusu, Andrei A and Rabinowitz, Neil C and Desjardins, Guillaume and Soyer, Hubert and Kirkpatrick, James and Kavukcuoglu, Koray and Pascanu, Razvan and Hadsell, Raia},
  journal={arXiv preprint arXiv:1606.04671},
  year={2016}
}